%%%%%%%%%%%%%%%%%%%%%%%% referenc.tex %%%%%%%%%%%%%%%%%%%%%%%%%%%%%%
% sample references
% "computer science"
%
% Use this file as a template for your own input.
%
%%%%%%%%%%%%%%%%%%%%%%%% Springer-Verlag %%%%%%%%%%%%%%%%%%%%%%%%%%

%
% BibTeX users please use

@article{AH94a,
        author  = "R. Alur and T.A. Henzinger",
        title   = "A really temporal logic",
        journal = jacm,
        volume  = "41",
        number  = "1",
        year    = "1994",
        pages   = "181--204"
    }

@inproceedings{r2u2,
    title={Temporal-logic based runtime observer pairs for system health management of real-time systems},
    author={Reinbacher, Thomas and Rozier, Kristin Yvonne and Schumann, Johann},
    booktitle={International Conference on Tools and Algorithms for the Construction and Analysis of Systems},
    pages={357--372},
    year={2014},
    organization={Springer},
  }

@inproceedings{jakvsic2015signal,
  title={From signal temporal logic to FPGA monitors},
  author={Jak{\v{s}}i{\'c}, Stefan and Bartocci, Ezio and Grosu, Radu and Kloibhofer, Reinhard and Nguyen, Thang and Ni{\v{c}}kovi{\'e}, Dejan},
  booktitle={Formal Methods and Models for Codesign (MEMOCODE), 2015 ACM/IEEE International Conference on},
  pages={218--227},
  year={2015},
  organization={IEEE}
}

@inproceedings{4812537,
  author={L. Wong and N. S. Arora and L. Gao and T. Hoang and J. Wu},
  booktitle={2009 IEEE 25th International Conference on Data Engineering},
  title={Oracle Streams: A High Performance Implementation for Near Real Time Asynchronous Replication},
  year={2009},
  volume={},
  number={},
  pages={1363-1374},
  ISSN={1063-6382},
  month={March}
  }
% Non-BibTeX users please use
% \begin{thebibliography}{99.}
% %
% % and use \bibitem to create references.
% %
% % Use the following syntax and markup for your references
% %
% % Monographs
% \bibitem{monograph} Kajan E (2002)
% Information technology encyclopedia and acronyms. Springer, Berlin
% Heidelberg New York

% % Contributed Works
% \bibitem{contribution} Broy M (2002) Software engineering -- From
% auxiliary to key technologies. In: Broy M, Denert E (eds)
% Software Pioneers. Springer, Berlin Heidelberg New York

% % Journal
% \bibitem{journal} Che M, Grellmann W, Seidler S (1997)
% Appl Polym Sci 64:1079--1090

% % Theses
% \bibitem{thesis} Ross DW (1977) Lysosomes and storage diseases. MA
% Thesis, Columbia University, New York

% \end{thebibliography}
